@article{Cacciari:2008gp,
      author         = "Cacciari, Matteo and Salam, Gavin P. and Soyez, Gregory",
      title          = "{The Anti-k(t) jet clustering algorithm}",
      journal        = "JHEP",
      volume         = "04",
      year           = "2008",
      pages          = "063",
      doi            = "10.1088/1126-6708/2008/04/063",
      eprint         = "0802.1189",
      archivePrefix  = "arXiv",
      primaryClass   = "hep-ph",
      reportNumber   = "LPTHE-07-03",
      SLACcitation   = "%%CITATION = ARXIV:0802.1189;%%"
}

@article{acceptreject_video,
      author         = "UC Davis",
      title          = "{Sampling Random Variables : Accept-Reject}",
      journal        = "YouTube",
      year           = "2010",
      url            = "https://www.youtube.com/watch?v=-mkLWm2f4hg"
}

@article{pdg_mctechniques,
      author         = "Glen Cowan et. al.",
      title          = "{Monte Carlo Techniques}",
      journal        = "Particle Data Group Review",
      year           = "2009",
      url            = "http://pdg.lbl.gov/2009/reviews/rpp2009-rev-monte-carlo-techniques.pdf"
}

@article{Bahr:2008pv,
      author         = "Bahr, M. and others",
      title          = "{Herwig++ Physics and Manual}",
      journal        = "Eur. Phys. J.",
      volume         = "C58",
      year           = "2008",
      pages          = "639-707",
      doi            = "10.1140/epjc/s10052-008-0798-9",
      eprint         = "0803.0883",
      archivePrefix  = "arXiv",
      primaryClass   = "hep-ph",
      reportNumber   = "CERN-PH-TH-2008-038, CAVENDISH-HEP-08-03, KA-TP-05-2008,
                        DCPT-08-22, IPPP-08-11, CP3-08-05",
      SLACcitation   = "%%CITATION = ARXIV:0803.0883;%%"
}

@article{Gleisberg:2008ta,
      author         = "Gleisberg, T. and Hoeche, Stefan. and Krauss, F. and
                        Schonherr, M. and Schumann, S. and Siegert, F. and Winter,
                        J.",
      title          = "{Event generation with SHERPA 1.1}",
      journal        = "JHEP",
      volume         = "02",
      year           = "2009",
      pages          = "007",
      doi            = "10.1088/1126-6708/2009/02/007",
      eprint         = "0811.4622",
      archivePrefix  = "arXiv",
      primaryClass   = "hep-ph",
      reportNumber   = "FERMILAB-PUB-08-477-T, SLAC-PUB-13420, ZU-TH-17-08,
                        DCPT-08-138, IPPP-08-69, EDINBURGH-2008-30, MCNET-08-14",
      SLACcitation   = "%%CITATION = ARXIV:0811.4622;%%"
}

@article{Sjostrand:2006za,
      author         = "Sjostrand, Torbjorn and Mrenna, Stephen and Skands, Peter
                        Z.",
      title          = "{PYTHIA 6.4 Physics and Manual}",
      journal        = "JHEP",
      volume         = "05",
      year           = "2006",
      pages          = "026",
      doi            = "10.1088/1126-6708/2006/05/026",
      eprint         = "hep-ph/0603175",
      archivePrefix  = "arXiv",
      primaryClass   = "hep-ph",
      reportNumber   = "FERMILAB-PUB-06-052-CD-T, LU-TP-06-13",
      SLACcitation   = "%%CITATION = HEP-PH/0603175;%%"
}

@Article{Evans:2008zzb,
      author         = "Evans, Lyndon and Bryant, Philip",
      title          = "{LHC Machine}",
      journal        = "JINST",
      volume         = "3",
      pages          = "S08001",
      doi            = "10.1088/1748-0221/3/08/S08001",
      year           = "2008",
      SLACcitation   = "%%CITATION = JINST,3,S08001;%%",
}

@inproceedings{Proudfoot:2006tr,
      author         = "Proudfoot, J.",
      title          = "{Hadron Calorimetry at the LHC}",
      booktitle      = "{Proceedings, 34th SLAC Summer Institute on Particle
                        Physics: The Next Frontier: Exploring with the LHC (SSI
                        2006): Menlo Park, California, July 17-28, 2006}",
      url            = "http://www.slac.stanford.edu/econf/C060717/proceedings.htm",
      year           = "2006",
      reportNumber   = "SSI-2006-L012",
      SLACcitation   = "%%CITATION = SSI-2006-L012;%%"
}

@article{Ellis:1276292,
      author        = "Ellis, S.",
      title         = "{ "What is a Jet?".  "What is a Jet?"}",
      year          = "2010",
      url           = "https://cds.cern.ch/record/1276292",
}

@article{Ellis:2007ib,
      author         = "Ellis, S. D. and Huston, J. and Hatakeyama, K. and Loch,
                        P. and Tonnesmann, M.",
      title          = "{Jets in hadron-hadron collisions}",
      journal        = "Prog. Part. Nucl. Phys.",
      volume         = "60",
      year           = "2008",
      pages          = "484-551",
      doi            = "10.1016/j.ppnp.2007.12.002",
      eprint         = "0712.2447",
      archivePrefix  = "arXiv",
      primaryClass   = "hep-ph",
      SLACcitation   = "%%CITATION = ARXIV:0712.2447;%%"
}

@article{wilcek:nobel,
      author         = "Wilcek, F.",
      title          = "{Asymptotic Freedom: From Paradox to Paradigm}",
      journal        = "Nobel Lecture",
      year           = "2004",
      url            = "http://web.mit.edu/physics/people/faculty/docs/wilczek_nobel_lecture.pdf"
}


@article{pdf1,
      author         = "Gavin Salam",
      title          = "{QCD at hadron colliders Lecture 3: Parton Distribution Functions}",
      journal        = "Lecture Notes",
      year           = "2010",
      url            = "https://gsalam.web.cern.ch/gsalam/repository/talks/2010-MariaLaach-lecture3.pdf"
}

@article{pdf2,
      author         = "Ian Cloet",
      title          = "{Deep Inelastic Scattering and Parton Distribution Functions}",
      journal        = "Lecture Notes",
      year           = "2013",
      url            = "http://www.physics.adelaide.edu.au/cssm/workshops/NPQFT/lectures/cloet_lecture_3.pdf"
}

@article{pdf3,
      author         = "Hung-Liang Lai",
      title          = "{Introduction to Parton Distribution Functions}",
      journal        = "Lecture Notes",
      year           = "2010",
      url            = "http://phys.cts.nthu.edu.tw/~particle/2010TOPICAL/LHC/download/workshops_PDF/1025_1026_Pedagogical_Lectures/20101026_Lai.pdf"
}

@article{pdf4,
      author         = "Joey Huston",
      title          = "{Parton Distribution Functions:their generation and use(especially at the LHC) }",
      journal        = "Lecture Notes",
      year           = "2008",
      url            = "https://conference.ippp.dur.ac.uk/event/156/contribution/31/material/slides/0.pdf"
}

@article{det1,
      author         = "Yuan Chao",
      title          = "{Detector Simulation}",
      journal        = "Lecture Notes",
      year           = "2013",
      url            = "http://www.phys.nthu.edu.tw/~numscc/nums-hep2013/materials/Lecture-ychao_20130123.pdf"
}

@article{Ovyn:2009tx,
      author         = "Ovyn, S. and Rouby, X. and Lemaitre, V.",
      title          = "{DELPHES, a framework for fast simulation of a generic collider experiment}",
      year           = "2009",
      eprint         = "0903.2225",
      archivePrefix  = "arXiv",
      primaryClass   = "hep-ph",
      reportNumber   = "CP3-09-01",
      SLACcitation   = "%%CITATION = ARXIV:0903.2225;%%"
}

@article{Agostinelli:2002hh,
      author         = "Agostinelli, S. and others",
      title          = "{GEANT4: A Simulation toolkit}",
      collaboration  = "GEANT4",
      journal        = "Nucl. Instrum. Meth.",
      volume         = "A506",
      year           = "2003",
      pages          = "250-303",
      doi            = "10.1016/S0168-9002(03)01368-8",
      reportNumber   = "SLAC-PUB-9350, FERMILAB-PUB-03-339",
      SLACcitation   = "%%CITATION = NUIMA,A506,250;%%"
}

@article{Schaetzel:2014kha,
      author         = "Sch√§tzel, Sebastian",
      title          = "{Boosted Top Quarks and Jet Structure}",
      journal        = "Eur. Phys. J.",
      volume         = "C75",
      year           = "2015",
      number         = "9",
      pages          = "415",
      doi            = "10.1140/epjc/s10052-015-3636-x",
      eprint         = "1403.5176",
      archivePrefix  = "arXiv",
      primaryClass   = "hep-ex",
      SLACcitation   = "%%CITATION = ARXIV:1403.5176;%%"
}

@article{Aad:2015rpa,
      author         = "Aad, Georges and others",
      title          = "{Identification of boosted, hadronically decaying W
                        bosons and comparisons with ATLAS data taken at $\sqrt{s}
                        = 8$ TeV}",
      collaboration  = "ATLAS",
      journal        = "Eur. Phys. J.",
      volume         = "C76",
      year           = "2016",
      number         = "3",
      pages          = "154",
      doi            = "10.1140/epjc/s10052-016-3978-z",
      eprint         = "1510.05821",
      archivePrefix  = "arXiv",
      primaryClass   = "hep-ex",
      reportNumber   = "CERN-PH-EP-2015-204",
      SLACcitation   = "%%CITATION = ARXIV:1510.05821;%%"
}


