% Acknowledgements for papers with collision data
% Version 2-Aug-2016

% Bibitem entry for the Tier2 facilities reference
%-------------------------------------------------
@Booklet{ATL-GEN-PUB-2016-002,
          author         = "{ATLAS Collaboration}",
          title          = "{ATLAS Computing Acknowledgements 2016--2017}",
          howpublished   = "{ATL-GEN-PUB-2016-002}",
          url            = "https://cds.cern.ch/record/2202407",
      } 
%          year           = "2016",
%----------------------------------------------

